<record><leader>00000cas a22000007a 4500</leader><controlfield tag="001">1764916</controlfield><controlfield tag="008">751101d19591962mnuwr ne      0    0eng d</controlfield><datafield ind1=" " ind2=" " tag="010"><subfield code="a">sn 90059668 </subfield></datafield><datafield ind1=" " ind2=" " tag="040"><subfield code="a">MUL</subfield><subfield code="b">eng</subfield><subfield code="c">MUL</subfield><subfield code="d">MN#</subfield><subfield code="d">OCLCQ</subfield><subfield code="d">OCLCF</subfield><subfield code="d">OCLCO</subfield></datafield><datafield ind1="1" ind2=" " tag="029"><subfield code="a">AU@</subfield><subfield code="b">000025889885</subfield></datafield><datafield ind1=" " ind2=" " tag="042"><subfield code="a">msc</subfield></datafield><datafield ind1=" " ind2=" " tag="043"><subfield code="a">n-us-mn</subfield></datafield><datafield ind1=" " ind2=" " tag="052"><subfield code="a">4144</subfield><subfield code="b">S7</subfield><subfield code="b">W4</subfield></datafield><datafield ind1=" " ind2=" " tag="052"><subfield code="a">4143</subfield><subfield code="b">D3</subfield></datafield><datafield ind1="0" ind2=" " tag="130"><subfield code="a">St. Paul suburban life (West Saint Paul, Minn. : 1959)</subfield></datafield><datafield ind1="0" ind2="0" tag="245"><subfield code="a">St. Paul suburban life.</subfield></datafield><datafield ind1="3" ind2="0" tag="246"><subfield code="a">Saint Paul suburban life</subfield></datafield><datafield ind1=" " ind2=" " tag="260"><subfield code="a">West St. Paul, [Minn.] ;</subfield><subfield code="a">South St. Paul, [Minn.] :</subfield><subfield code="b">St. Paul Suburban Newspapers,</subfield><subfield code="c">1959-1962.</subfield></datafield><datafield ind1=" " ind2=" " tag="300"><subfield code="a">4 v.</subfield></datafield><datafield ind1=" " ind2=" " tag="310"><subfield code="a">Weekly</subfield></datafield><datafield ind1="0" ind2=" " tag="362"><subfield code="a">Vol. 1, no. 17 (May 6, 1959)-[v. 4, no. 8] (Feb. 28, 1962).</subfield></datafield><datafield ind1=" " ind2=" " tag="500"><subfield code="a">Published as: South ed., May 4, 1960-Feb. 28, 1962.</subfield></datafield><datafield ind1=" " ind2=" " tag="530"><subfield code="a">Available on microfilm from the Minnesota Historical Society.</subfield></datafield><datafield ind1=" " ind2="0" tag="651"><subfield code="a">West Saint Paul (Minn.)</subfield><subfield code="v">Newspapers.</subfield></datafield><datafield ind1=" " ind2="0" tag="651"><subfield code="a">South Saint Paul (Minn.)</subfield><subfield code="v">Newspapers.</subfield></datafield><datafield ind1=" " ind2="7" tag="655"><subfield code="a">Newspapers.</subfield><subfield code="2">fast</subfield><subfield code="0">(OCoLC)fst01423814</subfield></datafield><datafield ind1=" " ind2="7" tag="651"><subfield code="a">Minnesota</subfield><subfield code="z">South Saint Paul.</subfield><subfield code="2">fast</subfield><subfield code="0">(OCoLC)fst01208836</subfield></datafield><datafield ind1=" " ind2="7" tag="651"><subfield code="a">Minnesota</subfield><subfield code="z">West Saint Paul.</subfield><subfield code="2">fast</subfield><subfield code="0">(OCoLC)fst01220172</subfield></datafield><datafield ind1=" " ind2=" " tag="752"><subfield code="a">United States</subfield><subfield code="b">Minnesota</subfield><subfield code="c">Dakota</subfield><subfield code="d">West Saint Paul.</subfield></datafield><datafield ind1=" " ind2=" " tag="752"><subfield code="a">United States</subfield><subfield code="b">Minnesota</subfield><subfield code="c">Dakota</subfield><subfield code="d">South Saint Paul.</subfield></datafield><datafield ind1="0" ind2=" " tag="775"><subfield code="t">St. Paul suburban life (Saint Paul, Minn. : North ed.)</subfield><subfield code="w">(DLC)sn 90060947</subfield></datafield><datafield ind1="0" ind2="0" tag="780"><subfield code="t">Suburban life (South Saint Paul, Minn. : 1959)</subfield><subfield code="w">(DLC)sn 90059667</subfield></datafield><datafield ind1="0" ind2="0" tag="785"><subfield code="t">This is suburban life</subfield><subfield code="w">(DLC)sn 90059669</subfield></datafield></record>